@online{noauthor_root-mean-square_nodate,
	title = {Root-mean-square deviation - Wikipedia},
	url = {https://en.wikipedia.org/wiki/Root-mean-square_deviation},
	urldate = {2020-04-04}
}